@article{faliszewski2016multiwinner,
author = {Faliszewski, Piotr and Sawicki, Jakub and Schaefer, Robert and Smo≈Çka, Maciej},
year = {2016},
month = {03},
pages = {409-424},
title = {Multiwinner Voting in Genetic Algorithms for Solving Ill-Posed Global Optimization Problems},
isbn = {978-3-319-31203-3}
}

@article{skowron2016axiomatic,
  title={Axiomatic characterization of committee scoring rules},
  author={Skowron, Piotr and Faliszewski, Piotr and Slinko, Arkadii},
  journal={arXiv preprint arXiv:1604.01529},
  year={2016}
}

@article{lackner2017consistent,
  title={Consistent approval-based multi-winner rules},
  author={Lackner, Martin and Skowron, Piotr},
  journal={arXiv preprint arXiv:1704.02453},
  year={2017}
}

